@article{nnll-ecdsa_hw,
  title = "Hardware implementation of Elliptic Curve Digital Signature Algorithm (ECDSA) on Koblitz Curves",
  author = "Ghanmy Nabil and Khlif Naziha and Fourati Lamia and Kamoun Lotfi",
  journal = "8th IEEE, IET International Symposium on Communication Systems, Networks and Digital Signal Processing",
  year = "2012",
}

@article{fips-186-3,
  title = "Digital signature standard (DSS)",
  author = "National Institute of Standards and Technology (NIST)",
  journal = "Federal Information Processing Standard, FIPS PUB 186-3",
  year = "2009",
}

@patent{us-dsa,
  title = "Digital signature algorithm (US 5231668 A)",
  author = "David W. Kravitz",
  year = "1991",
}

@article{elgamal-sig,
  title = "A Public Key Cryptosystem and a Signature Scheme Based on Discrete Logarithms",
  author = "Taher ElGamal",
  journal = "IEE Transactions on Information Theory",
  year = "1985",
}

@article{nsa-case_for_ecc,
  title = "The Case for Elliptic Curve Cryptography",
  author = "National Security Agency",
  year = "2009",
  url = "\url{http://www.nsa.gov/business/programs/elliptic_curve.shtml}",
}

@article{kasper-openssl_ecc,
  title = "Fast Elliptic Curve Cryptography in OpenSSL",
  author = "Emilia K{\"a}sper",
}

@article{kss-ecdsa,
  title = "Implementation of Elliptic Curve Digital Signature Algorithm",
  author = "Aqeel Khalique and Kuldip Singh and Sandeep Sood",
  year = "2010",
  journal = "International Journal of Computer Applications",
}

@article{adleman-subexp,
  title = "A Subexponential Algorithm for the Discrete Lorarithm Problem with Applications to Cryptography",
  author = "Leanard Adleman",
  year = "1979",
}

@article{mmm-hw_ecc,
  title = "Hardware Elliptic Curve Cryptographic Processor Over GF($p$)",
  author = "Ciaran J. McIvor and M{\'a}rie McLoone and John V. McCanny",
  year = "2006",
  journal = "IEE Transactions on Circuits and Systems",
}
